<?xml version="1.0" encoding="UTF-8"?>
<Document xmlns="urn:iso:std:iso:20022:tech:xsd:pain.008.001.02">
  <CstmrDrctDbtInitn>
    <GrpHdr>
      <MsgId>PRE2021-03-15T11:03:02ZASSFED</MsgId>
      <CreDtTm>Mon Mar 15 2021 17:58:44 GMT+0100 (GMT+01:00)</CreDtTm>
      <NbOfTxs>2</NbOfTxs>
      <CtrlSum>50</CtrlSum>
      <InitgPty>
        <Nm>PEPITO GRILLO</Nm>
        <Id>
          <OrgId>
            <Othr>
              <Id>ES03000G43825017</Id>
              <SchmeNm>
                <Prtry>SEPA</Prtry>
              </SchmeNm>
            </Othr>
          </OrgId>
        </Id>
      </InitgPty>
    </GrpHdr>
    <PmtInf>
      <PmtInfId>12345678A undefined OOFF 1</PmtInfId>
      <PmtMtd>DD</PmtMtd>
      <NbOfTxs>1</NbOfTxs>
      <CtrlSum>50</CtrlSum>
      <PmtTpInf>
        <SvcLvl>
          <Cd>SEPA</Cd>
        </SvcLvl>
        <LclInstrm>
          <Cd>CORE</Cd>
        </LclInstrm>
        <SeqTp>OOFF</SeqTp>
      </PmtTpInf>
      <ReqdColltnDt>undefined</ReqdColltnDt>
      <Cdtr>
        <Nm>PEPITO GRILLO</Nm>
        <PstlAdr>
          <Ctry>ES</Ctry>
          <AdrLine>undefined</AdrLine>
          <AdrLine>08640 PATATA</AdrLine>
        </PstlAdr>
      </Cdtr>
      <CdtrAcct>
        <Id>
          <IBAN>ES5221000095410200893753</IBAN>
        </Id>
      </CdtrAcct>
      <CdtrAgt>
        <FinInstnId>
          <BIC>CAIXESBB</BIC>
        </FinInstnId>
      </CdtrAgt>
      <ChrgBr>SLEV</ChrgBr>
      <CdtrSchmeId>
        <Id>
          <PrvtId>
            <Othr>
              <Id>ES03000G43825017</Id>
              <SchmeNm>
                <Prtry>SEPA</Prtry>
              </SchmeNm>
            </Othr>
          </PrvtId>
        </Id>
      </CdtrSchmeId>
            <DrctDbtTxInf>
        <PmtId>
          <EndToEndId>AE LLAGUTS CALAFELL - FEDERATIVA</EndToEndId>
        </PmtId>
        <InstdAmt Ccy="EUR">25</InstdAmt>
        <DrctDbtTx>
          <MndtRltdInf>
            <MndtId>PER0000014Z</MndtId>
            <DtOfSgntr>2021-01-01</DtOfSgntr>
          </MndtRltdInf>
        </DrctDbtTx>
        <DbtrAgt>
          <FinInstnId/>
        </DbtrAgt>
        <Dbtr>
          <Nm>Perico de los Palotes</Nm>
          <PstlAdr>
            <Ctry>ES</Ctry>
            <AdrLine>Calle alguna 4</AdrLine>
            <AdrLine>43882 Calafell</AdrLine>
          </PstlAdr>
          <Id>
            <PrvtId>
              <Othr>
                <Id>0000014Z</Id>
              </Othr>
            </PrvtId>
          </Id>
        </Dbtr>
        <DbtrAcct>
          <Id>
            <IBAN>ES9900860000000000000000</IBAN>
          </Id>
        </DbtrAcct>
        <RmtInf>
          <Ustrd>Quota anual de l'assegurança de la Federació Catalana de Rem</Ustrd>
        </RmtInf>
      </DrctDbtTxInf>
      <DrctDbtTxInf>
        <PmtId>
          <EndToEndId>AE LLAGUTS CALAFELL - FEDERATIVA</EndToEndId>
        </PmtId>
        <InstdAmt Ccy="EUR">25</InstdAmt>
        <DrctDbtTx>
          <MndtRltdInf>
            <MndtId>FUL00000145</MndtId>
            <DtOfSgntr>2021-01-01</DtOfSgntr>
          </MndtRltdInf>
        </DrctDbtTx>
        <DbtrAgt>
          <FinInstnId/>
        </DbtrAgt>
        <Dbtr>
          <Nm>Fulanita de Tal</Nm>
          <PstlAdr>
            <Ctry>ES</Ctry>
            <AdrLine>Calle otra 5</AdrLine>
            <AdrLine>43700 El Vendrell</AdrLine>
          </PstlAdr>
          <Id>
            <PrvtId>
              <Othr>
                <Id>00000145</Id>
              </Othr>
            </PrvtId>
          </Id>
        </Dbtr>
        <DbtrAcct>
          <Id>
            <IBAN>ES9900860000000000000000</IBAN>
          </Id>
        </DbtrAcct>
        <RmtInf>
          <Ustrd>Quota anual de l'assegurança de la Federació Catalana de Rem</Ustrd>
        </RmtInf>
      </DrctDbtTxInf>

    </PmtInf>
  </CstmrDrctDbtInitn>
</Document>